@ARTICLE{main,
  author={},
  journal={IEEE Std 802.3-2018 (Revision of IEEE Std 802.3-2015)}, 
  title={IEEE Standard for Ethernet}, 
  year={2018},
  volume={},
  number={},
  pages={1-5600},}



@misc{ppp,
	title = {The {Point}-to-{Point} {Protocol} ({PPP}) for the {Transmission} of {Multi}-protocol {Datagrams} over {Point}-to-{Point} {Links}},
		howpublished = "\url{https://tools.ietf.org/html/rfc1331}",
	language = {en},
	urldate = {2020-05-23},
	author = {Simpson, W.}
}

@misc{pppoe,
	title = {A {Method} for {Transmitting} {PPP} {Over} {Ethernet} ({PPPoE})},
	howpublished = "\url{https://tools.ietf.org/html/rfc2516#section-2}",
	language = {en},
	urldate = {2020-05-23},
	author = {Mamakos, L. and Simone, D. and Wheeler, R. and Carrel, D. and Evarts, J. and Lidl, K.}
}