@INPROCEEDINGS{8329876,  author={Zhang, Yizhe and Li, Lianjun and Ripperger, Michael and Nicho, Jorge and Veeraraghavan, Malathi and Fumagalli, Andrea},  booktitle={2018 Second IEEE International Conference on Robotic Computing (IRC)},   title={Gilbreth: A Conveyor-Belt Based Pick-and-Sort Industrial Robotics Application},   year={2018},  volume={},  number={},  pages={17-24},  doi={10.1109/IRC.2018.00012}}